@article{bauer2021ripser,
	title        = {Ripser: efficient computation of Vietoris--Rips persistence barcodes},
	author       = {Bauer, Ulrich},
	year         = 2021,
	journal      = {Journal of Applied and Computational Topology},
	publisher    = {Springer},
	volume       = 5,
	number       = 3,
	pages        = {1--33}
}
@article{bauer2017phat,
	title        = {Phat--persistent homology algorithms toolbox},
	author       = {Bauer, Ulrich and Kerber, Michael and Reininghaus, Jan and Wagner, Hubert},
	year         = 2017,
	journal      = {Journal of symbolic computation},
	publisher    = {Elsevier},
	volume       = 78,
	pages        = {76--90}
}
@article{perea2015sliding,
  title={Sliding windows and persistence: An application of topological methods to signal analysis},
  author={Perea, Jose A and Harer, John},
  journal={Foundations of computational mathematics},
  volume={15},
  pages={799--838},
  year={2015},
  publisher={Springer}
}
@incollection{edelsbrunner2017persistent,
  title={Persistent homology},
  author={Edelsbrunner, Herbert and Morozov, Dmitriy},
  booktitle={Handbook of Discrete and Computational Geometry},
  pages={637--661},
  year={2017},
  publisher={Chapman and Hall/CRC}
}
@article{botnan2022introduction,
  title={An introduction to multiparameter persistence},
  author={Botnan, Magnus Bakke and Lesnick, Michael},
  journal={arXiv preprint arXiv:2203.14289},
  year={2022}
}
@article{gafvert2017stable,
  title={Stable invariants for multiparameter persistence},
  author={G{\"a}fvert, Oliver and Chach{\'o}lski, Wojciech},
  journal={arXiv preprint arXiv:1703.03632},
  year={2017}
}
@article{bjerkevik2020computing,
  title={Computing the interleaving distance is NP-hard},
  author={Bjerkevik, H{\aa}vard Bakke and Botnan, Magnus Bakke and Kerber, Michael},
  journal={Foundations of Computational Mathematics},
  volume={20},
  number={5},
  pages={1237--1271},
  year={2020},
  publisher={Springer}
}
@inproceedings{frosini1992measuring,
  title={Measuring shapes by size functions},
  author={Frosini, Patrizio},
  booktitle={Intelligent Robots and Computer Vision X: Algorithms and Techniques},
  volume={1607},
  pages={122--133},
  year={1992},
  organization={SPIE}
}
@article{fernandez2023intrinsic,
  title={Intrinsic persistent homology via density-based metric learning},
  author={Fern{\'a}ndez, Ximena and Borghini, Eugenio and Mindlin, Gabriel and Groisman, Pablo},
  journal={Journal of Machine Learning Research},
  volume={24},
  number={75},
  pages={1--42},
  year={2023}
}
@article{baik1999distribution,
	title        = {On the distribution of the length of the longest increasing subsequence of random permutations},
	author       = {Baik, Jinho and Deift, Percy and Johansson, Kurt},
	year         = 1999,
	journal      = {Journal of the American Mathematical Society},
	volume       = 12,
	number       = 4,
	pages        = {1119--1178}
}
@article{carlsson2010computing,
	title        = {Computing multidimensional persistence},
	author       = {Carlsson, Gunnar and Singh, Gurjeet and Zomorodian, Afra J},
	year         = 2010,
	journal      = {Journal of Computational Geometry},
	volume       = 1,
	number       = 1,
	pages        = {72--100}
}
@article{lee2003nonlinear,
	title        = {The nonlinear statistics of high-contrast patches in natural images},
	author       = {Lee, Ann B and Pedersen, Kim S and Mumford, David},
	year         = 2003,
	journal      = {International Journal of Computer Vision},
	publisher    = {Springer},
	volume       = 54,
	number       = 1,
	pages        = {83--103}
}
@article{luo2021accelerating,
	title        = {Accelerating Iterated Persistent Homology Computations with Warm Starts},
	author       = {Luo, Yuan and Nelson, Bradley J},
	year         = 2021,
	journal      = {arXiv preprint arXiv:2108.05022}
}
@article{haddon1990cycle,
	title        = {Cycle-sort: a linear sorting method},
	author       = {Haddon, Bruce K.},
	year         = 1990,
	journal      = {The Computer Journal},
	publisher    = {Oxford University Press},
	volume       = 33,
	number       = 4,
	pages        = {365--367}
}
@article{perea2014klein,
	title        = {A klein-bottle-based dictionary for texture representation},
	author       = {Perea, Jose A and Carlsson, Gunnar},
	year         = 2014,
	journal      = {International journal of computer vision},
	publisher    = {Springer},
	volume       = 107,
	number       = 1,
	pages        = {75--97}
}
@article{landi2014rank,
	title        = {The rank invariant stability via interleavings},
	author       = {Landi, Claudia},
	year         = 2014,
	journal      = {arXiv preprint arXiv:1412.3374}
}
@article{boissonnat2018efficient,
	title        = {An efficient representation for filtrations of simplicial complexes},
	author       = {Boissonnat, Jean-Daniel and CS, Karthik},
	year         = 2018,
	journal      = {ACM Transactions on Algorithms (TALG)},
	publisher    = {ACM New York, NY, USA},
	volume       = 14,
	number       = 4,
	pages        = {1--21}
}
@inproceedings{christofides2022worst,
	title        = {Worst-case analysis of a new heuristic for the travelling salesman problem},
	author       = {Christofides, Nicos},
	year         = 2022,
	booktitle    = {Operations Research Forum},
	volume       = 3,
	number       = 1,
	pages        = {1--4},
	organization = {Springer}
}
@inproceedings{abboud2015tight,
	title        = {Tight hardness results for LCS and other sequence similarity measures},
	author       = {Abboud, Amir and Backurs, Arturs and Williams, Virginia Vassilevska},
	year         = 2015,
	booktitle    = {2015 IEEE 56th Annual Symposium on Foundations of Computer Science},
	pages        = {59--78},
	organization = {IEEE}
}
@inproceedings{buchet2015topological,
	title        = {Topological Analysis of Scalar Fields with Outliers},
	author       = {Buchet, Micka{\"e}l and Chazal, Fr{\'e}d{\'e}ric and Dey, Tamal K and Fan, Fengtao and Oudot, Steve Y and Wang, Yusu},
	year         = 2015,
	booktitle    = {31st International Symposium on Computational Geometry},
	pages        = {827--841},
	organization = {Schloss Dagstuhl, Leibniz-Zentrum f{\"u} Informatik GmbH}
}
@article{adams2017persistence,
	title        = {Persistence images: A stable vector representation of persistent homology},
	author       = {Adams, Henry and Emerson, Tegan and Kirby, Michael and Neville, Rachel and Peterson, Chris and Shipman, Patrick and Chepushtanova, Sofya and Hanson, Eric and Motta, Francis and Ziegelmeier, Lori},
	year         = 2017,
	journal      = {Journal of Machine Learning Research},
	volume       = 18
}
@article{de2011dualities,
	title        = {Dualities in persistent (co) homology},
	author       = {De Silva, Vin and Morozov, Dmitriy and Vejdemo-Johansson, Mikael},
	year         = 2011,
	journal      = {Inverse Problems},
	publisher    = {IOP Publishing},
	volume       = 27,
	number       = 12,
	pages        = 124003
}
@inproceedings{bergroth2000survey,
	title        = {A survey of longest common subsequence algorithms},
	author       = {Bergroth, Lasse and Hakonen, Harri and Raita, Timo},
	year         = 2000,
	booktitle    = {Proceedings Seventh International Symposium on String Processing and Information Retrieval. SPIRE 2000},
	pages        = {39--48},
	organization = {IEEE}
}
@article{kumar1987linear,
	title        = {A linear space algorithm for the LCS problem},
	author       = {Kumar, S Kiran and Rangan, C Pandu},
	year         = 1987,
	journal      = {Acta Informatica},
	publisher    = {Springer},
	volume       = 24,
	number       = 3,
	pages        = {353--362}
}
@inproceedings{polanco2019adaptive,
	title        = {Adaptive template systems: Data-driven feature selection for learning with persistence diagrams},
	author       = {Polanco, Luis and Perea, Jose A},
	year         = 2019,
	booktitle    = {2019 18th IEEE International Conference On Machine Learning And Applications (ICMLA)},
	pages        = {1115--1121},
	organization = {IEEE}
}
@inproceedings{cohen2006vines,
	title        = {Vines and vineyards by updating persistence in linear time},
	author       = {Cohen-Steiner, David and Edelsbrunner, Herbert and Morozov, Dmitriy},
	year         = 2006,
	booktitle    = {Proceedings of the twenty-second annual symposium on Computational geometry},
	pages        = {119--126}
}
@article{lesnick2015interactive,
	title        = {Interactive visualization of 2-D persistence modules},
	author       = {Lesnick, Michael and Wright, Matthew},
	year         = 2015,
	journal      = {arXiv preprint arXiv:1512.00180}
}
@article{busaryev2010tracking,
	title        = {Tracking a generator by persistence},
	author       = {Busaryev, Oleksiy and Dey, Tamal K and Wang, Yusu},
	year         = 2010,
	journal      = {Discrete Mathematics, Algorithms and Applications},
	publisher    = {World Scientific},
	volume       = 2,
	number       = {04},
	pages        = {539--552}
}
@article{cohen2007stability,
	title        = {Stability of persistence diagrams},
	author       = {Cohen-Steiner, David and Edelsbrunner, Herbert and Harer, John},
	year         = 2007,
	journal      = {Discrete \& computational geometry},
	publisher    = {Springer},
	volume       = 37,
	number       = 1,
	pages        = {103--120}
}
@article{morozov2005persistence,
	title        = {Persistence algorithm takes cubic time in worst case},
	author       = {Morozov, Dmitriy},
	year         = 2005,
	journal      = {BioGeometry News, Dept. Comput. Sci., Duke Univ},
	publisher    = {Citeseer},
	volume       = 2
}
@article{boissonnat2000efficient,
	title        = {Efficient algorithms for line and curve segment intersection using restricted predicates},
	author       = {Boissonnat, Jean-Daniel and Snoeyink, Jack},
	year         = 2000,
	journal      = {Computational Geometry},
	publisher    = {Elsevier},
	volume       = 16,
	number       = 1,
	pages        = {35--52}
}
@inproceedings{fugacci2019chunk,
	title        = {Chunk Reduction for Multi-Parameter Persistent Homology},
	author       = {Fugacci, Ulderico and Kerber, Michael},
	year         = 2019,
	booktitle    = {35th International Symposium on Computational Geometry, SoCG 2019, June 18-21, 2019, Portland, Oregon, USA},
	pages        = {37--1}
}
@book{romik2015surprising,
	title        = {The surprising mathematics of longest increasing subsequences},
	author       = {Romik, Dan},
	year         = 2015,
	publisher    = {Cambridge University Press},
	number       = 4
}
@article{carlsson2008local,
	title        = {On the local behavior of spaces of natural images},
	author       = {Carlsson, Gunnar and Ishkhanov, Tigran and De Silva, Vin and Zomorodian, Afra},
	year         = 2008,
	journal      = {International journal of computer vision},
	publisher    = {Springer},
	volume       = 76,
	number       = 1,
	pages        = {1--12}
}
@article{carlsson2009theory,
	title        = {The theory of multidimensional persistence},
	author       = {Carlsson, Gunnar and Zomorodian, Afra},
	year         = 2009,
	journal      = {Discrete \& Computational Geometry},
	publisher    = {Springer},
	volume       = 42,
	number       = 1,
	pages        = {71--93}
}
@article{topaz2015topological,
	title        = {Topological data analysis of biological aggregation models},
	author       = {Topaz, Chad M and Ziegelmeier, Lori and Halverson, Tom},
	year         = 2015,
	journal      = {PloS one},
	publisher    = {Public Library of Science},
	volume       = 10,
	number       = 5,
	pages        = {e0126383}
}
@article{chen2013output,
	title        = {An output-sensitive algorithm for persistent homology},
	author       = {Chen, Chao and Kerber, Michael},
	year         = 2013,
	journal      = {Computational Geometry},
	publisher    = {Elsevier},
	volume       = 46,
	number       = 4,
	pages        = {435--447}
}
@article{zomorodian2005computing,
	title        = {Computing persistent homology},
	author       = {Zomorodian, Afra and Carlsson, Gunnar},
	year         = 2005,
	journal      = {Discrete \& Computational Geometry},
	publisher    = {Springer},
	volume       = 33,
	number       = 2,
	pages        = {249--274}
}
@incollection{de1997computational,
	title        = {Computational geometry},
	author       = {De Berg, Mark and Van Kreveld, Marc and Overmars, Mark and Schwarzkopf, Otfried},
	year         = 1997,
	booktitle    = {Computational geometry},
	publisher    = {Springer},
	pages        = {1--17}
}
@article{ulmer2019topological,
	title        = {A topological approach to selecting models of biological experiments},
	author       = {Ulmer, M and Ziegelmeier, Lori and Topaz, Chad M},
	year         = 2019,
	journal      = {PloS one},
	publisher    = {Public Library of Science San Francisco, CA USA},
	volume       = 14,
	number       = 3,
	pages        = {e0213679}
}
@article{lesnick2019computing,
	title        = {Computing minimal presentations and bigraded betti numbers of 2-parameter persistent homology},
	author       = {Lesnick, Michael and Wright, Matthew},
	year         = 2019,
	journal      = {arXiv preprint arXiv:1902.05708}
}
@article{kim2020spatiotemporal,
	title        = {Spatiotemporal persistent homology for dynamic metric spaces},
	author       = {Kim, Woojin and M{\'e}moli, Facundo},
	year         = 2020,
	journal      = {Discrete \& Computational Geometry},
	publisher    = {Springer},
	volume       = 66,
	pages        = {1--45}
}
@inproceedings{chen2011persistent,
	title        = {Persistent homology computation with a twist},
	author       = {Chen, Chao and Kerber, Michael},
	year         = 2011,
	booktitle    = {Proceedings 27th European Workshop on Computational Geometry},
	volume       = 11,
	pages        = {197--200}
}
@inproceedings{attali2009persistence,
	title        = {Persistence-sensitive simplication of functions on surfaces in linear time},
	author       = {Attali, Dominique and Glisse, Marc and Hornus, Samuel and Lazarus, Francis and Morozov, Dmitriy},
	year         = 2009,
	booktitle    = {TopoInVis' 09}
}
@inproceedings{blelloch1998fast,
	title        = {Fast set operations using treaps},
	author       = {Blelloch, Guy E and Reid-Miller, Margaret},
	year         = 1998,
	booktitle    = {Proceedings of the tenth annual ACM symposium on Parallel algorithms and architectures},
	pages        = {16--26}
}
@article{sorensen1995implicitly,
  title={Implicitly restarted Arnoldi/Lanczos methods and large scale SVD applications},
  author={Sorensen, DC},
  journal={SVD and Signal Processing III},
  pages={21--31},
  year={1995},
  publisher={Elsevier}
}
@article{clause2022discriminating,
  title={The discriminating power of the generalized rank invariant},
  author={Clause, Nate and Kim, Woojin and Memoli, Facundo},
  journal={arXiv preprint arXiv:2207.11591},
  year={2022}
}
@article{donatini2004lower,
  title={Lower bounds for natural pseudodistances via size functions},
  author={Donatini, Pietro and Frosini, Patrizio and others},
  journal={Archives of Inequalities and Applications},
  volume={2},
  number={1},
  pages={1--12},
  year={2004}
}
@inproceedings{robins1999towards,
  title={Towards computing homology from finite approximations},
  author={Robins, Vanessa},
  booktitle={Topology proceedings},
  volume={24},
  number={1},
  pages={503--532},
  year={1999}
}
@inproceedings{meyer2021hutchpp,
  title={Hutch++: Optimal stochastic trace estimation},
  author={Meyer, Raphael A and Musco, Cameron and Musco, Christopher and Woodruff, David P},
  booktitle={Symposium on Simplicity in Algorithms (SOSA)},
  pages={142--155},
  year={2021},
  organization={SIAM}
}
@article{epperly2024xtrace,
  title={Xtrace: Making the most of every sample in stochastic trace estimation},
  author={Epperly, Ethan N and Tropp, Joel A and Webber, Robert J},
  journal={SIAM Journal on Matrix Analysis and Applications},
  volume={45},
  number={1},
  pages={1--23},
  year={2024},
  publisher={SIAM}
}
@book{lehoucq1998arpack,
  title={ARPACK users' guide: solution of large-scale eigenvalue problems with implicitly restarted Arnoldi methods},
  author={Lehoucq, Richard B and Sorensen, Danny C and Yang, Chao},
  year={1998},
  publisher={SIAM}
}
@inproceedings{edelsbrunner2000topological,
	title        = {Topological persistence and simplification},
	author       = {Edelsbrunner, Herbert and Letscher, David and Zomorodian, Afra},
	year         = 2000,
	booktitle    = {Proceedings 41st annual symposium on foundations of computer science},
	pages        = {454--463},
	organization = {IEEE}
}
@article{perea2018brief,
	title        = {A brief history of persistence},
	author       = {Perea, Jose A},
	year         = 2018,
	journal      = {arXiv preprint arXiv:1809.03624}
}
@article{delfinado1995incremental,
	title        = {An incremental algorithm for Betti numbers of simplicial complexes on the 3-sphere},
	author       = {Delfinado, Cecil Jose A and Edelsbrunner, Herbert},
	year         = 1995,
	journal      = {Computer Aided Geometric Design},
	publisher    = {Elsevier},
	volume       = 12,
	number       = 7,
	pages        = {771--784}
}
@inproceedings{oesterling2015computing,
	title        = {Computing and visualizing time-varying merge trees for high-dimensional data},
	author       = {Oesterling, Patrick and Heine, Christian and Weber, Gunther H and Morozov, Dmitriy and Scheuermann, Gerik},
	year         = 2015,
	booktitle    = {Topological Methods in Data Analysis and Visualization},
	pages        = {87--101},
	organization = {Springer}
}
@inproceedings{kapron2013dynamic,
	title        = {Dynamic graph connectivity in polylogarithmic worst case time},
	author       = {Kapron, Bruce M and King, Valerie and Mountjoy, Ben},
	year         = 2013,
	booktitle    = {Proceedings of the twenty-fourth annual ACM-SIAM symposium on Discrete algorithms},
	pages        = {1131--1142},
	organization = {SIAM}
}
@article{labarre2013lower,
	title        = {Lower bounding edit distances between permutations},
	author       = {Labarre, Anthony},
	year         = 2013,
	journal      = {SIAM Journal on Discrete Mathematics},
	publisher    = {SIAM},
	volume       = 27,
	number       = 3,
	pages        = {1410--1428}
}
@article{bespamyatnikh2000enumerating,
	title        = {Enumerating longest increasing subsequences and patience sorting},
	author       = {Bespamyatnikh, Sergei and Segal, Michael},
	year         = 2000,
	journal      = {Information Processing Letters},
	publisher    = {Elsevier},
	volume       = 76,
	number       = {1-2},
	pages        = {7--11}
}
@article{hateren_schaaf_1998,
	title        = {Independent Component Filters of Natural Images Compared with Simple Cells in Primary Visual Cortex},
	author       = {Hateren, J. H. van and Schaaf, A. van der},
	year         = 1998,
	month        = {Mar},
	journal      = {Proceedings: Biological Sciences},
	volume       = 265,
	number       = 1394,
	pages        = {359--366}
}
@phdthesis{lesnick2012multidimensional,
	title        = {Multidimensional interleavings and applications to topological inference},
	author       = {Lesnick, Michael Phillip},
	year         = 2012,
	school       = {Stanford University}
}
@article{xian2020capturing,
	title        = {Capturing Dynamics of Time-Varying Data via Topology},
	author       = {Xian, Lu and Adams, Henry and Topaz, Chad M and Ziegelmeier, Lori},
	year         = 2020,
	journal      = {arXiv preprint arXiv:2010.05780}
}
@article{diaconis1977spearman,
	title        = {Spearman's footrule as a measure of disarray},
	author       = {Diaconis, Persi and Graham, Ronald L},
	year         = 1977,
	journal      = {Journal of the Royal Statistical Society: Series B (Methodological)},
	publisher    = {Wiley Online Library},
	volume       = 39,
	number       = 2,
	pages        = {262--268}
}
@inproceedings{bar2004approximating,
	title        = {Approximating edit distance efficiently},
	author       = {Bar-Yossef, Ziv and Jayram, TS and Krauthgamer, Robert and Kumar, Ravi},
	year         = 2004,
	booktitle    = {45th Annual IEEE Symposium on Foundations of Computer Science},
	pages        = {550--559},
	organization = {IEEE}
}
@article{otter2017roadmap,
	title        = {A roadmap for the computation of persistent homology},
	author       = {Otter, Nina and Porter, Mason A and Tillmann, Ulrike and Grindrod, Peter and Harrington, Heather A},
	year         = 2017,
	journal      = {EPJ Data Science},
	publisher    = {Springer},
	volume       = 6,
	pages        = {1--38}
}
@article{dinu2006efficient,
	title        = {An efficient approach for the rank aggregation problem},
	author       = {Dinu, Liviu P and Manea, Florin},
	year         = 2006,
	journal      = {Theoretical Computer Science},
	publisher    = {Elsevier},
	volume       = 359,
	number       = {1-3},
	pages        = {455--461}
}
@article{biedl2009complexity,
	title        = {On the complexity of crossings in permutations},
	author       = {Biedl, Therese and Brandenburg, Franz J and Deng, Xiaotie},
	year         = 2009,
	journal      = {Discrete Mathematics},
	publisher    = {Elsevier},
	volume       = 309,
	number       = 7,
	pages        = {1813--1823}
}
@article{boissonnat2000robust,
	title        = {Robust plane sweep for intersecting segments},
	author       = {Boissonnat, Jean-Daniel and Preparata, Franco P},
	year         = 2000,
	journal      = {SIAM Journal on Computing},
	publisher    = {SIAM},
	volume       = 29,
	number       = 5,
	pages        = {1401--1421}
}
@software{rivet,
	title        = {RIVET},
	author       = {{The RIVET Developers}},
	year         = 2020,
	url          = {https://github.com/rivetTDA/rivet/},
	version      = {1.1.0}
}
@inproceedings{zomorodian2004computing,
	title        = {Computing persistent homology},
	author       = {Zomorodian, Afra and Carlsson, Gunnar},
	year         = 2004,
	booktitle    = {Proceedings of the twentieth annual symposium on Computational geometry},
	pages        = {347--356}
}
@book{golub2013matrix,
	title        = {Matrix computations},
	author       = {Golub, Gene H and Van Loan, Charles F},
	year         = 2013,
	publisher    = {JHU press}
}
@article{bauer2022keeping,
	title        = {Keeping it sparse: Computing Persistent Homology revised},
	author       = {Bauer, Ulrich and Masood, Talha Bin and Giunti, Barbara and Houry, Guillaume and Kerber, Michael and Rathod, Abhishek},
	year         = 2022,
	journal      = {arXiv preprint arXiv:2211.09075}
}
@inproceedings{chazal2009gromov,
	title        = {Gromov-Hausdorff stable signatures for shapes using persistence},
	author       = {Chazal, Fr{\'e}d{\'e}ric and Cohen-Steiner, David and Guibas, Leonidas J and M{\'e}moli, Facundo and Oudot, Steve Y},
	year         = 2009,
	booktitle    = {Computer Graphics Forum},
	volume       = 28,
	number       = 5,
	pages        = {1393--1403},
	organization = {Wiley Online Library}
}
@inproceedings{scoccola2023fibered,
	title        = {FibeRed: Fiberwise Dimensionality Reduction of Topologically Complex Data with Vector Bundles},
	author       = {Scoccola, Luis and Perea, Jose A},
	year         = 2023,
	booktitle    = {39th International Symposium on Computational Geometry (SoCG 2023)},
	organization = {Schloss Dagstuhl-Leibniz-Zentrum f{\"u}r Informatik}
}
@inproceedings{perea2016persistent,
	title        = {Persistent homology of toroidal sliding window embeddings},
	author       = {Perea, Jose A},
	year         = 2016,
	booktitle    = {2016 IEEE International Conference on Acoustics, Speech and Signal Processing (ICASSP)},
	pages        = {6435--6439},
	organization = {IEEE}
}
@article{pun2018persistent,
	title        = {Persistent-Homology-based Machine Learning and its Applications--A Survey},
	author       = {Pun, Chi Seng and Xia, Kelin and Lee, Si Xian},
	year         = 2018,
	journal      = {arXiv preprint arXiv:1811.00252}
}
@book{bhatia2013matrix,
	title        = {Matrix analysis},
	author       = {Bhatia, Rajendra},
	year         = 2013,
	publisher    = {Springer Science \& Business Media},
	volume       = 169
}
@article{lanczos1950iteration,
	title        = {An iteration method for the solution of the eigenvalue problem of linear differential and integral operators},
	author       = {Lanczos, Cornelius},
	year         = 1950,
	publisher    = {United States Governm. Press Office Los Angeles, CA}
}
@article{zhao2012approximation,
	title        = {An approximation theory of matrix rank minimization and its application to quadratic equations},
	author       = {Zhao, Yun-Bin},
	year         = 2012,
	journal      = {Linear Algebra and its Applications},
	publisher    = {Elsevier},
	volume       = 437,
	number       = 1,
	pages        = {77--93}
}
@article{goldberg2002combinatorial,
	title        = {Combinatorial Laplacians of simplicial complexes},
	author       = {Goldberg, Timothy E},
	year         = 2002,
	journal      = {Senior Thesis, Bard College},
	volume       = 6
}
@inproceedings{milosavljevic2011zigzag,
	title        = {Zigzag persistent homology in matrix multiplication time},
	author       = {Milosavljevi{\'c}, Nikola and Morozov, Dmitriy and Skraba, Primoz},
	year         = 2011,
	booktitle    = {Proceedings of the twenty-seventh Annual Symposium on Computational Geometry},
	pages        = {216--225}
}
@article{turner2014persistent,
	title        = {Persistent homology transform for modeling shapes and surfaces},
	author       = {Turner, Katharine and Mukherjee, Sayan and Boyer, Doug M},
	year         = 2014,
	journal      = {Information and Inference: A Journal of the IMA},
	publisher    = {Oxford University Press},
	volume       = 3,
	number       = 4,
	pages        = {310--344}
}
@article{ben2015projectors,
	title        = {Projectors on intersection of subspaces},
	author       = {Ben-Israel, Adi},
	year         = 2015,
	journal      = {Contemporary Mathematics},
	publisher    = {American Mathematical Society},
	volume       = 636,
	pages        = {41--50}
}
@book{edelsbrunner2022computational,
	title        = {Computational topology: an introduction},
	author       = {Edelsbrunner, Herbert and Harer, John L},
	year         = 2022,
	publisher    = {American Mathematical Society}
}
@inproceedings{edelsbrunner2014computational,
	title        = {On the computational complexity of Betti numbers: reductions from matrix rank},
	author       = {Edelsbrunner, Herbert and Parsa, Salman},
	year         = 2014,
	booktitle    = {Proceedings of the twenty-fifth annual ACM-SIAM symposium on discrete algorithms},
	pages        = {152--160},
	organization = {SIAM}
}
@article{kim2021spatiotemporal,
  title={Spatiotemporal persistent homology for dynamic metric spaces},
  author={Kim, Woojin and M{\'e}moli, Facundo},
  journal={Discrete \& Computational Geometry},
  volume={66},
  pages={831--875},
  year={2021},
  publisher={Springer}
}
@article{johnson2021instability,
  title={Instability of the betti sequence for persistent homology and a stabilized version of the betti sequence},
  author={Johnson, Megan and Jung, Jae-Hun},
  journal={arXiv preprint arXiv:2109.09218},
  year={2021}
}
@article{paige1972computational,
  title={Computational variants of the Lanczos method for the eigenproblem},
  author={Paige, Christopher C},
  journal={IMA Journal of Applied Mathematics},
  volume={10},
  number={3},
  pages={373--381},
  year={1972},
  publisher={Oxford University Press}
}
@inproceedings{botelho2005practical,
  title={A practical minimal perfect hashing method},
  author={Botelho, Fabiano C and Kohayakawa, Yoshiharu and Ziviani, Nivio},
  booktitle={International Workshop on Experimental and Efficient Algorithms},
  pages={488--500},
  year={2005},
  organization={Springer}
}
@article{lim2020hodge,
  title={Hodge Laplacians on graphs},
  author={Lim, Lek-Heng},
  journal={Siam Review},
  volume={62},
  number={3},
  pages={685--715},
  year={2020},
  publisher={SIAM}
}
@article{ding2018spectral,
	title        = {Spectral operators of matrices},
	author       = {Ding, Chao and Sun, Defeng and Sun, Jie and Toh, Kim-Chuan},
	year         = 2018,
	journal      = {Mathematical Programming},
	publisher    = {Springer},
	volume       = 168,
	number       = 1,
	pages        = {509--531}
}
@inproceedings{sun2009concise,
	title        = {A concise and provably informative multi-scale signature based on heat diffusion},
	author       = {Sun, Jian and Ovsjanikov, Maks and Guibas, Leonidas},
	year         = 2009,
	booktitle    = {Computer graphics forum},
	volume       = 28,
	number       = 5,
	pages        = {1383--1392},
	organization = {Wiley Online Library}
}
@techreport{mangasarian1994class,
	title        = {A class of smoothing functions for nonlinear and mixed complementarity problems},
	author       = {Mangasarian, Olvi and Chen, Chunhui},
	year         = 1994
}
@book{dey2022computational,
	title        = {Computational topology for data analysis},
	author       = {Dey, Tamal Krishna and Wang, Yusu},
	year         = 2022,
	publisher    = {Cambridge University Press}
}
@inproceedings{chen2011output,
	title        = {An output-sensitive algorithm for persistent homology},
	author       = {Chen, Chao and Kerber, Michael},
	year         = 2011,
	booktitle    = {Proceedings of the twenty-seventh annual symposium on Computational geometry},
	pages        = {207--216}
}
@incollection{bauer2020persistence,
	title        = {Persistence diagrams as diagrams: A categorification of the stability theorem},
	author       = {Bauer, Ulrich and Lesnick, Michael},
	year         = 2020,
	booktitle    = {Topological Data Analysis},
	publisher    = {Springer},
	pages        = {67--96}
}
@inproceedings{cohen2005stability,
	title        = {Stability of persistence diagrams},
	author       = {Cohen-Steiner, David and Edelsbrunner, Herbert and Harer, John},
	year         = 2005,
	booktitle    = {Proceedings of the twenty-first annual symposium on Computational geometry},
	pages        = {263--271}
}
@book{chazal2016structure,
	title        = {The structure and stability of persistence modules},
	author       = {Chazal, Fr{\'e}d{\'e}ric and De Silva, Vin and Glisse, Marc and Oudot, Steve},
	year         = 2016,
	publisher    = {Springer},
	volume       = 10
}
@inproceedings{musco2018stability,
  title={Stability of the Lanczos method for matrix function approximation},
  author={Musco, Cameron and Musco, Christopher and Sidford, Aaron},
  booktitle={Proceedings of the Twenty-Ninth Annual ACM-SIAM Symposium on Discrete Algorithms},
  pages={1605--1624},
  year={2018},
  organization={SIAM}
}
@article{cerri2013betti,
	title        = {Betti numbers in multidimensional persistent homology are stable functions},
	author       = {Cerri, Andrea and Fabio, Barbara Di and Ferri, Massimo and Frosini, Patrizio and Landi, Claudia},
	year         = 2013,
	journal      = {Mathematical Methods in the Applied Sciences},
	publisher    = {Wiley Online Library},
	volume       = 36,
	number       = 12,
	pages        = {1543--1557}
}
@article{simon1984analysis,
	title        = {Analysis of the symmetric Lanczos algorithm with reorthogonalization methods},
	author       = {Simon, Horst D},
	year         = 1984,
	journal      = {Linear algebra and its applications},
	publisher    = {Elsevier},
	volume       = 61,
	pages        = {101--131}
}
@article{parlett1994we,
	title        = {Do we fully understand the symmetric Lanczos algorithm yet},
	author       = {Parlett, Beresford N},
	year         = 1994,
	journal      = {Brown et al},
	volume       = 3,
	pages        = {93--107}
}
@article{memoli2022persistent,
	title        = {Persistent Laplacians: Properties, algorithms and implications},
	author       = {M{\'e}moli, Facundo and Wan, Zhengchao and Wang, Yusu},
	year         = 2022,
	journal      = {SIAM Journal on Mathematics of Data Science},
	publisher    = {SIAM},
	volume       = 4,
	number       = 2,
	pages        = {858--884}
}
@article{horak2013spectra,
	title        = {Spectra of combinatorial Laplace operators on simplicial complexes},
	author       = {Horak, Danijela and Jost, J{\"u}rgen},
	year         = 2013,
	journal      = {Advances in Mathematics},
	publisher    = {Elsevier},
	volume       = 244,
	pages        = {303--336}
}
@article{gu1995divide,
	title        = {A divide-and-conquer algorithm for the symmetric tridiagonal eigenproblem},
	author       = {Gu, Ming and Eisenstat, Stanley C},
	year         = 1995,
	journal      = {SIAM Journal on Matrix Analysis and Applications},
	publisher    = {SIAM},
	volume       = 16,
	number       = 1,
	pages        = {172--191}
}
@mastersthesis{newman2001laplacian,
	title        = {The Laplacian spectrum of graphs},
	author       = {Newman, Michael William},
	year         = 2001
}
@article{nigmetov2022topological,
	title        = {Topological Optimization with Big Steps},
	author       = {Nigmetov, Arnur and Morozov, Dmitriy},
	year         = 2022,
	journal      = {arXiv preprint arXiv:2203.16748}
}
@inproceedings{heckbert1997survey,
	title        = {Survey of polygonal surface simplification algorithms},
	author       = {Heckbert, Paul S and Garland, Michael},
	year         = 1997,
	organization = {Siggraph}
}
@book{chung1997spectral,
	title        = {Spectral graph theory},
	author       = {Chung, Fan RK},
	year         = 1997,
	publisher    = {American Mathematical Soc.},
	volume       = 92
}
@article{bubenik2015statistical,
	title        = {Statistical topological data analysis using persistence landscapes.},
	author       = {Bubenik, Peter and others},
	year         = 2015,
	journal      = {J. Mach. Learn. Res.},
	volume       = 16,
	number       = 1,
	pages        = {77--102}
}
@article{perea2022approximating,
	title        = {Approximating continuous functions on persistence diagrams using template functions},
	author       = {Perea, Jose A and Munch, Elizabeth and Khasawneh, Firas A},
	year         = 2022,
	journal      = {Foundations of Computational Mathematics},
	publisher    = {Springer},
	pages        = {1--58}
}
@article{piekenbrock2021move,
	title        = {Move Schedules: Fast persistence computations in coarse dynamic settings},
	author       = {Piekenbrock, Matthew and Perea, Jose A},
	year         = 2021,
	journal      = {arXiv preprint arXiv:2104.12285}
}
@article{xiao2009graph,
  title={Graph characteristics from the heat kernel trace},
  author={Xiao, Bai and Hancock, Edwin R and Wilson, Richard C},
  journal={Pattern Recognition},
  volume={42},
  number={11},
  pages={2589--2606},
  year={2009},
  publisher={Elsevier}
}
@article{bai2009learning,
  title={Learning context-sensitive shape similarity by graph transduction},
  author={Bai, Xiang and Yang, Xingwei and Latecki, Longin Jan and Liu, Wenyu and Tu, Zhuowen},
  journal={IEEE Transactions on Pattern Analysis and Machine Intelligence},
  volume={32},
  number={5},
  pages={861--874},
  year={2009},
  publisher={IEEE}
}
@article{chen1996class,
	title        = {A class of smoothing functions for nonlinear and mixed complementarity problems},
	author       = {Chen, Chunhui and Mangasarian, Olvi L},
	year         = 1996,
	journal      = {Computational Optimization and Applications},
	publisher    = {Springer},
	volume       = 5,
	number       = 2,
	pages        = {97--138}
}
@incollection{diaconis2013sampling,
  title={Sampling from a manifold},
  author={Diaconis, Persi and Holmes, Susan and Shahshahani, Mehrdad},
  booktitle={Advances in modern statistical theory and applications: a Festschrift in honor of Morris L. Eaton},
  volume={10},
  pages={102--126},
  year={2013},
  publisher={Institute of Mathematical Statistics}
}
@inproceedings{fugacci2020topology,
	title        = {Topology-Preserving Terrain Simplification},
	author       = {Fugacci, Ulderico and Kerber, Michael and Manet, Hugo},
	year         = 2020,
	booktitle    = {Proceedings of the 28th International Conference on Advances in Geographic Information Systems},
	pages        = {36--47}
}
@article{bi2013approximation,
	title        = {Approximation of rank function and its application to the nearest low-rank correlation matrix},
	author       = {Bi, Shujun and Han, Le and Pan, Shaohua},
	year         = 2013,
	journal      = {Journal of Global Optimization},
	publisher    = {Springer},
	volume       = 57,
	number       = 4,
	pages        = {1113--1137}
}
@inproceedings{ubaru2016fast,
	title        = {Fast methods for estimating the numerical rank of large matrices},
	author       = {Ubaru, Shashanka and Saad, Yousef},
	year         = 2016,
	booktitle    = {International Conference on Machine Learning},
	pages        = {468--477},
	organization = {PMLR}
}
@inproceedings{teng2010laplacian,
	title        = {The Laplacian paradigm: Emerging algorithms for massive graphs},
	author       = {Teng, Shang-Hua},
	year         = 2010,
	booktitle    = {Theory and Applications of Models of Computation: 7th Annual Conference, TAMC 2010, Prague, Czech Republic, June 7-11, 2010. Proceedings 7},
	pages        = {2--14},
	organization = {Springer}
}
